% This is bibsamp.bib v1.0 (SGLS) 12/97
%
@techreport{peet3,
 author = {Y. Peet and P. Fischer},
 title  = {Conjugate heat transfer {LES} simulations in application to wire-wrapped fuel pins},
 type   = {AIAA Paper},
 number = {2010--4318},
 year   = 2010,
 note   = {40th AIAA Fluid Dynamics Conference and Exhibit, Chicago, IL}
}

@article{rankine,
 author = {W. J. M. Rankine},
 title  = {On the Mechanical Principles of the Action of Propellers.},
 journal= {Trans. Inst.
Naval Architects},
 volume = 6,
 year   = 1865,
}


@techreport{peet_wind,
 author = {Y. Peet and P. Fischer and G. Conzelmann and V. Kotamarthi},
 title  = {Actuator line aerodynamics model with spectral elements},
 type   = {AIAA Paper},
 number = {2013--1210},
 year   = 2013,
 note   = {51st Aerospace Sciences Meeting, Grapevine, TX}
}

@misc{erik,
  author = {Erik Bostr\"{o}m},
  title = {Investigation of Outflow Boundary Conditions for Convection-Dominated Incompressible Fluid Flows in a Spectral Element Framework},
  year = {2015},
  note = {Master's Thesis, KTH, Sweden}
}

@article{fischer_petascale,
 author = {P. Fischer and J. Lottes and D. Pointer and A. Siegel},
 title  = {Petascale algorithms for reactor hydrodynamics},
 journal= {J. Phys. Conf. Series},
 volume = 125,
 issue =1,
 pages = 012076,
 year   = 2008
}


@article{morr,
 author = {J. F. Morrison and W. Jiang and B. J. Mckeon and A. J. Smits},
 title  = {Reynolds Number Dependence of Streamwise Velocity Spectra in Turbulent Pipe Flow},
 journal= {Physical Review Letters},
 volume = 88,
 year   = 2002,
 pages  = {214501-1--4}
}

@article{germano,
 author = {M. Germano and U. Piomelli and P. Moin and W. L. Cabot},
 title  = {A dynamic subgrid-scale eddy viscosity model},
 journal= {Phys. Fluids A},
 volume = 3,
 year   = 1991,
 pages  = {1760--1765}
}

@article{jim2,
 author = {Javier Jim\'{e}nez},
 title  = {Turbulent Flows over Rough Walls},
 journal= {Annu. Rev. Fluid. Mech.},
 volume = 36,
 year   = 2004,
 pages  = {173--196}
}


@article{brass,
 author = {J. G. Brasseur},
 title  = {Designing large eddy simulation of turbulent boundary layer to capture law-of-wall scaling},
 journal= {Phys. Fluids},
 volume = 22,
 year   = 2010,
 pages  = {021303}
}


@article{sull,
 author = {P. P. Sullivan and J. C. McWilliams and C. H. Moeng},
 title  = { subgrid-scale model for large-eddy
simulation of planetary boundary-layer flows},
 journal= {Boundary-Layer Met.},
 volume = 71,
 year   = 1997,
 pages  = {247--276}
}

@article{chow,
 author = {F. K. Chow and R. Street and M. Xue and J. H. Ferziger},
 title  = {Explicit filtering and
reconstruction turbulence modeling for large-eddy simulation of neutral
boundary layer flow,},
 journal= {J. Atmos. Sci.},
 volume = 62,
 year   = 2005,
 pages  = {2058}
}
@article{mason_callen,
 author  = {P. J. Mason and N. S. Callen},
 title = {On the magnitude of the subgrid-scale eddy
coefficient in large-eddy simulations of turbulent channel flow},
 journal= {J. Fluid. Mech.},
 volume = 162,
 year   = 1986,
 pages  = {439--462}
 }
 
@article{menx,
  author = {Richard Stevens and Michael Wilczek and Charles Meneveau},
  title = {{L}arge-eddy simulation study of the logarithmic law for second and higher-order moments in turbulent wall-bounded flow},
  journal = {J. Fluid. Mech},
  volume = {757},
  year = {2014},
  pages = {888-907},
}

@article{khan,
 author = {S. Khanna and J. G. Brasseur},
 title  = {Analysis of Moninâ€“Obukhov similarity from large-eddy
simulation},
 journal= {J. Fluid Mech. },
 volume = 345,
 year   = 1997,
 pages  = {251--286}
}

@article{bou1,
 author = {E. Bou-Zeid and C. Meneveau and M. Parlange},
 title  = {A scale-dependant Lagrangian dynamic model for large eddy simulation of  
 complex turbulent flows},
 journal= {Phys. Fluids},
 volume = 415,
 year   = 2005,
 pages  = 025125
}

@article{pio_wall,
 author = {U. Piomelli and P. Moin and J. H. Freziger and J. Kim},
 title  = { New approximate boundary conditions
for large-eddy simulations of wall-bounded flows},
 journal= {Phys. Fluids A},
 volume = 1,
 year   = 1989,
 pages  = {1061--68}
}

 @article{basin,
 author = {J. A. Businger and J. C. Wyngaard and Y Izulmi and E.F. Bradley},
 title  = {Flux profile relationships in the atmospheric surface layer},
 journal= {J Atmos Sci.},
 volume = 28,
 year   = 1971,
 pages  = {181--189}
}

@article{niu,
 author = {F. T. M. Nieuwstadt and R. A. Brost},
 title  = {The decay of convective turbulence},
 journal= {J. Atmos Sci. },
 volume = 43,
 year   = 1986,
 pages  = {532--546}
}

@article{taft,
 author = {Sunil Patil and Danesh Tafti},
 title  = {Two Layer Wall Model for Large-Eddy Simulations of Flow over Rough Surfaces},
 journal= {AIAA journal},
 volume = 50,
 year   = 2012,
 pages  = {454--460}
}

@article{cast,
 author = {Ian P. Castro and Antonio Segalini and P. Henrik Alfredsson},
 title  = {Outer Layer Turbulence Intensities in smooth and rough-wall boundary layers },
 journal= {J. Fluid. Mech.},
 volume = 727,
 year   = 2013,
 pages  = {119-131}
}

@article{bhag,
 author = {Kiran Bhaganagar and John Kim and Gary Coleman},
 title  = {Effect of Roughness on Wall-Bounded Turbulence},
 journal= {Flow,Turbulence and Combustion},
 volume = 72,
 year   = 2004,
 pages  = {463--492}
}

@article{obu,
 author = {A. S. Monin and A. M. Obukhov},
 title  = {Basic Laws of Turbulent Mixing in the Ground Layer of the Atmosphere},
 journal= {Trans. Geophys. Inst. Akad. Nauk. USSR},
 volume = 151,
 year   = 1954,
 pages  = {163--187}
}


@article{fureby,
 author = {C. Fureby and F. F. Grinstein},
 title  = {Monotonically integrated large eddy simulation of free shear flows},
 journal= {AIAA J.},
 volume = 37,
 number = 5,
 year   = 1999,
 pages  = {544}
}


@article{ranjan,
 author = {R. Ranjan and C. Pantano and P. Fischer},
 title  = {Direct simulation of turbulent swept flow
over a wire in a channel},
 journal= {J. Fluid Mech.},
 volume = 651,
 year   = 2010,
 pages  = {165--209}
}

@article{sturm2,
 author = {H. Chen and B.D. Shizgal},
 title  = {A spectral solution of {S}turm-{L}iouville equation: comparison of classical and non-classical basis sets},
 journal= {J. of Comp. Appl. Math.},
 volume = 136,
 year   = 2001,
 pages  = {17--35}
}

@article{vinuesa,
 author = {R. Vinuesa and A. N. Noorani and A. Lozano-Dur\'{a}n and G. K. {El Khoury} and P. Schlatter and P. F. Fischer and H. M. Nagib},
 title  = {Aspect ratio effects in turbulent duct flows studied through direct numerical simulation},
 journal= {J. Turbulence},
 volume = 15,
 year   = 2014,
 pages  = {677--706}
}

@article{noorani,
 author = {A. N. Noorani and G. K. {El Khoury} and P. Schlatter},
 title  = {Evolution of turbulence characteristics from straight to curved pipes},
 journal= {Int. J. Heat Fluid Flow},
 volume = 41,
 year   = 2013,
 pages  = {16--26}
}


@article{lily,
 author = {D. K. Lilly},
 title  = {A proposed modification of the {G}ermano subgrid-scale closure method},
 journal= {Phys. Fluids A},
 volume = 4,
 year   = 1991,
 pages  = {633-635}
}

@techreport{lily0,
 author = {D. K. Lilly},
 title  = {The representation of small-scale turbulence in numerical simulation experiments},
 type = {In Proc. IBM Scientific Computing Symposium on Environmental Sciences},
 year   = 1967,
 pages  = {p. 195}
}

@article{schumann,
 author = {U. Schumann},
 title  = {Subgrid scale model for finite difference simulations of turbulent flows in plane channels and annuli},
 journal= {J. Comp. Phys.},
 volume = 18,
 year   = 1975,
 pages  = {376--404}
}


@article{van-Driest,
 author = {E. R. {Van Driest}},
 title  = {On turbulent flow near wall},
 journal= {J. Aerospace Sci.},
 volume = 23,
 year   = 1956,
 pages  = {1007--1011}
}

@article{fischer_filter,
 author = {P. F. Fischer and J. S. Mullen},
 title  = {Filter-based stabilization of spectral element methods},
 journal= {Comptes rendus
de l'Acad\'{e}mie des sciences, S\'{e}rie I- Analyse num\'{e}rique},
 volume = 332,
 year   = 2001,
 pages  = {265--270}
}

@article{meyers,
 author = {J. Meyers and P. Sagaut},
 title  = {On the Model Coefficient for the Standard and the Variational Multi-Scale {Smagorinsky} Model},
 journal= {J. Fluid Mech.},
 volume = 569,
 year   = 2006,
 pages  = {287--319}
}
@article{meyers_err,
 author = {J. Meyers},
 title  = {Error-Landscape Assessment of Large Eddy Simulation: A Review of Methodology },
 journal= {J. Fluid Mech.},
 volume = 569,
 year   = 2006,
 pages  = {287--319}
}
@article{calaf,
 author = {M. Calaf and C. Meneveau and J. Meyers},
 title  = {Large Eddy Simulation Study of Fully Developed Wind-Turbine Array Boundary Layers},
 journal= {Phys. Fluids},
 volume = 22,
 year   = 2010,
 pages  = {015110}
}

@techreport{cal2,
 author = {R. B. Cal and A. Ramos and N. Hamilton and D. Houk},
 title  = {Spacing dependence on wind turbine array boundary layers},
 type   = {17th International Symposium on Applications of Laser Techniques to Fluid Mechanics},
 institution = {},
 number = {},
  year   = {2014},
  note   = {Lisbon, Portugal, 7 - 10 July}
 }
 
@techreport{cal3,
 author = {J. Lebr \'{o}n and R. B. Cal and H. S. Kang and L. Castillo  and C. Meneaveau},
 title  = {Spacing dependence on wind turbine array boundary layers},
 type   = {11th Americas Conference of Wind Engineering},
 institution = {},
 number = {},
  year   = {2009},
  note   = {San Juan, Puerto Rico, June 22-26, 2009}
 }
 
@InCollection{hans,
  author =   {A. C. Hansen},
  title =    {Yaw Dynamics of Horizontal axis Wind Turbines},
  booktitle =    {NREL Report},
  publisher =  {NREL TP-442-4822},
  series = {},
  year =     {1992},
  pages =    {}
}

@InCollection{bir,
  author =   {Birgitte Andresen},
  title =    {Wake behind a wind turbine operating in
yaw},
  booktitle =    {Master's Thesis},
  publisher =  {NTNU-Trondheim, Norwegian University of Science and Technology},
  series = {},
  year =     {2013},
  pages =    {}
}
 


@article{mason0,
 author  = {P. J. Mason},
 title = {Large-eddy simulation of the convective atmospheric boundary layer},
 journal= {J. Atmos. Sci.},
 volume = 46,
 year   = 1989,
 pages  = {1492--1516}
 }
 
@article{mason,
 author  = {P. J. Mason and D. J. Thompson},
 title = {Stochastic backscatter in large-eddy simulations of boundary layers},
 journal= {J. Fluid. Mech.},
 volume = 242,
 year   = 1992,
 pages  = {51--78}
 }
 
 @article{cabot2,
 author  = {W. Cabot and P. Moin},
 title = {Approximate wall boundary conditions in the large-eddy simulation of high Reynolds number
flow},
 journal= {Flow, Turbul. Combust.},
 volume = 63,
 year   = 1999,
 pages  = {263--291}
 }
 @article{katul,
 author  = {G. G. Katul and C. R. Chu and M. B. Parlange and J. D. Albertson and T. A. Ortenburger},
 title = {Low-wavenumber spectral characteristics of velocity and temperature in the atmospheric boundary
layer.},
 journal= {J. Geophys. Res.},
 volume = 100,
 year   = 1995,
 pages  = {14243--14255}
 }
 
 @article{kader,
 author  = {B. A. Kader and A. M. Yaglom},
 title = {Spectra and correlation functions of surface layer atmospheric
turbulence in unstable thermal stratification},
 journal= {In Turbulence and Coherent Structures (ed. O. M\'{e}tais) and M. Lesieur), Kluwer},
 volume = {},
 year   = 1991,
 pages  = {}
 } 
 
 
 @article{andren,
 author  = {A. Andr\'{e}n and A. R. Brown and J. Graf and P. J. Mason and C. H. Moeng and F. T. M. Nieuwstadt and U. Schumann},
 title = {Large-eddy simulation of the neutrally stratified boundary layer: A
comparison of four computer codes},
 journal= {Q. J. R. Metl. Soc.},
 volume = 120,
 year   = 1994,
 pages  = {1457--1484}
 }
 

@article{bou,
 author = {E. Bou-Zeid and C. Meneveau and M. Parlange},
 title  = {A scale-dependant Lagrangian dynamic model for large eddy simulation of  
 complex turbulent flows},
 journal= {Phys. Fluids},
 volume = 415,
 year   = 2005,
 pages  = {025125}
}
@article{meyers2,
 author = {P. Wu and J. Meyers},
 title  = {A constraint for subgrid-scale stresses in the logarithmic region of high Reynolds 
 number turbulent boundary layers: A solution to log-layer mismatch problem},
 journal= {Phys. Fluids},
 volume = 25,
 year   = 2013,
 pages  = {015104}
}

 @Article{smagorinsky,
  author =   {J. Smagorinsky},
  title =    {General Circulation Experiments with the Primitive Equations},
  journal =      {Journal of Monthly Weather Review},
  year =     {1963},
  volume =   {91},
  number = {3},
  pages =    {99--164},
  }
   
@article{porte,
 author = {F. Port\'{e}-Agel and Y.-T. Wu and R. J. Conzemius},
 title  = {Large-{E}ddy {S}imulation of {A}tmospheric {B}oundary {L}ayer {F}low {T}hrough {W}ind {T}urbines and {W}ind {F}arms},
 journal= {J. of Wind Eng. and Ind. Aerodynamics},
 volume = 99,
 year   = 2011,
 pages  = {154--168}
}

@article{porte2a,
 author = {Yu-Ting Wu and F. Port\'{e}-Agel},
 title  = {Large-Eddy Simulation of Wind-Turbine Wakes: Evaluation of Turbine Parametrisations},
 journal= {Boundary Layer Metereol},
 volume = 138,
 year   = 2011,
 pages  = {345--366}
}
 
@techreport{martinez,
 author = { L. A. Martinez and S. Leonardi and M. J. Churchfield and P. J. Moriarty},
 title  = {A Comparison of {A}ctuator {D}isk and {A}ctuator {L}ine {W}ind {T}urbine {M}odels and {B}est {P}ractices for {T}heir {U}se},
 type   = {AIAA Paper},
 number = {2012-0900},
 year   = 2012,
 note   = {}
 }
 
 
@Misc{nek5000,
  Author = "P. F. Fischer and J. W. Lottes and S. G. Kerkemeier",
  Title  = "{Nek5000}: an open source {CFD} solver",
  Note   = "http://nek5000.mcs.anl.gov",
  Year   = "2008"}
 
@techreport{peet,
 author = {Y. Peet and P. Sagaut and Y. Charron},
 title  = {{T}owards Large Eddy Simulations of Turbulent Drag Reduction Using Sinusoidal Riblets},
 type   = {WSEAS Paper},
 number = {565-355},
 year   = 2007,
 note   = {Presented at the 5th IASME/WSEAS International Conference on Fluid Mechanics and Aerodynamics,
Vouliagmeni, Greece, August 25-27, 2007}
}
@article{fischer_jcp,
 author = {P. Fischer},
 title  = {An Overlapping {S}chwarz Method for Spectral Element Solution of
the Incompressible {N}avier-{S}tokes Equations},
 journal= {J. Comp. Phys.},
 volume = 133,
 year   = 1997,
 pages  = {84--101}
}

@Book{pope,
  author =   {Stephen B. Pope},
  title =    {{T}urbulent {F}lows},
  publisher =    {Cambridge Press},
  year =     {2000}
}

@article{kimmoinmoser,
 author = {J. Kim and P. Moin and R. Moser},
 title  = {{T}urbulence Statistics in Fully Developed Channel Flow at Low {R}eynolds Number},
 journal= {J. Fluid Mech.},
 volume = 177,
 year   = 1987,
 pages  = {133--166}
}

@article{kravchenko,
 author = {A. G. Kravchenko and H. Choi and P. Moin},
 title  = {On the {R}elation of {Near-Wall} {S}treamwise {V}orices to {W}all {S}kin {F}riction in {T}urbulent {B}oundary {L}ayers},
 journal= {Phys. Fluids},
 volume = A5,
 year   = 1993,
 pages  = {3307}
}

@article{chorin,
 author = {A. Chorin},
 title  = {{N}umerical {S}olution of the {Navier-Stokes} {E}quations},
 journal= {Math. Comput.},
 volume = 22,
 year   = 1968 ,
 pages  = {745--762}
}

@article{kawamura,
 author = {H. Abe and H. Kawamura and Y. Matsu},
 title  = {Direct Numerical Simulation of a Fully Developed Turbulent Channel Flow With Respect
 to Reynolds Number Dependence},
 journal= {ASME Journal of Fluids Engineering},
 volume = 123,
 year   = 2001,
 pages  = {382}
}

@Book{schlichting,
  author =   {H. Schlichting},
  title =    {{B}oundary-layer theory},
  publisher =    {Berlin; New York: Springer},
  year =     {2000},
  edition =      {8 rev. and enl.}
}

@article{porte1a,
 author = {Rob Stoll and F. Port\'{e}-Agel},
 title  = {{D}ynamic subgrid-scale models for momentum and scalar fluxes in large-eddy simulations of neutrally
stratified atmospheric boundary layers over heterogeneous terrain},
 journal= {Water Resources Research},
 volume = 42,
 year   = 2006,
 pages  = {W01409}
}

@Book{canuto,
  author =   {C. M. Canuto and Y. Hussaini and A. Qaurteroni and T. A. Zhang},
  title =    {Spectral Methods in Fluid Dynamics},
  publisher =    {Springer-Verlag, New-York},
  year =     {1988},
  edition =      {8 rev. and enl.}
}
@article{cham,
 author = {Leonardo P. Chamorro and F. Port\'{e}-Agel},
 title  = {A Wind-Tunnel Investigation of Wind-Turbine Wakes: Boundary-Layer Turbulence Effects},
 journal= {Boundary Layer Metereol},
 volume = 132,
 year   = 2009,
 pages  = {129--149}
}

@article{spal,
 author = {P. R. Spalart},
 title  = {{D}irect simulation of turbulent boundary layer up to $Re_{\theta}$ = 1400},
 journal= {J. Fluid. Mech.},
 volume = 187,
 year   = 1988,
 pages  = {61-98}
}

@article{spal2,
 author = {P. R. Spalart},
 title  = {{D}etached-eddy simulation},
 journal= {Annu. Rev. Fluid. Mech.},
 volume = 41,
 year   = 2009,
 pages  = {181--}
}



@techreport{peet2,
 author = {Yulia Peet and Paul Fischer and Guenter Conzelmann and Veerabhadra Kotamarthi},
 title  = {{A}ctuator {L}ine {A}erodynamics model with {S}pectral {E}lements},
 type = {AIAA paper},
 number = {2013--1210},
 year   = 2013,
 note  = {07 - 10 January 2013, Grapevine (Dallas/Ft. Worth Region), Texas}
}

@techreport{tan,
 author = {Tanmoy Chatterjee and Yulia Peet},
 title  = {Actuator Line Wind Turbine Simulations in Atmospheric Turbulent Flows using Spectral Element Method},
 type = {AIAA paper},
 number = {2015--0727},
 year   = 2015,
 note  = {05 - 9 January 2015, Kissimmmee, Florida}
}


@MISC{paul,
author = {},
title = {Mathematics and Computer Science Division, Argonne National Laboratory},
month = {},
year = {},
howpublished = {\url{http://www.mcs.anl.gov/}}
}

@article{moin2,
 author = {A. G. Kravchenko and Parviz Moin},
 title  = {{N}umerical studies of flow over a circular cylinder at ${Re_{D}} = 3900$},
 journal= {Phys. Fluids},
 volume = 12,
 year   = 2000,
 pages  = {403--417}
}
@article{moin1,
 author = {Parviz Moin and John Kim},
 title  = {{N}umerical investigation of turbulent channel flow},
 journal= {J. Fluid Mech.},
 volume = 118,
 year   = 1982,
 pages  = {341--377}
}

@article{pio,
 author = {U Piomelli},
 title  = {{L}arge eddy simulation: achievements and challenges},
 journal= {Prog. Aerospace Sci.},
 volume = 35,
 year   = 1999,
 pages  = {335--62}
}
@article{porte1fun,
 author = {F. Port\'{e}-Agel and C. Meneveau and M. B Parlange},
 title  = {A scale-dependant dynamics model for large eddy simulation: application to a neutral atmospheric boundary layer},
 journal= {J. Fluid. Mech.},
 volume = 415,
 year   = 2000,
 pages  = {261--284}
}
@article{mene1,
 author = {C. Meneveau and T. Lund and W. Cabot},
 title  = {A {L}agrangian dynamic sub-grid scale model of turbulence},
 journal= {J. Fluid. Mech.},
 volume = 319,
 year   = 1996,
 pages  = {353--385}
}
@article{moeng1,
 author = {C. H. Moeng},
 title  = {A large eddy simulation model for the study of planetary boundary-layer turbulence},
 journal= {J. Atmos. Sci.},
 volume = 46,
 year   = 1984,
 pages  = {2311--2330}
}
@techReport{lodato,
 author = {G. Lodato and P. Castonguay and A. Jameson},
 title  = {Structural {LES} modeling with high-order spectral difference schemes},
 type   = {Annu. {Res. Briefs}},
 institution = { Centre for Turbulence Research, NASA Ames/Stanford Univ},
  year   = {2011},
 pages   = {123--134}
 }
@article{bian,
 author  = {Luca Biancofiore and F. Gallaire and R. Pascetti},
 title = {Influence of Confinement on Obstacle--free turbulent wakes},
 journal= {Computers \& Fluids},
 volume = {58},
 year   = 2012,
 pages  = {27-44}
 }
 @article{dhkim,
 author  = {D. H. Kim and K. S. Yang and M. Senda},
 title = {Large Eddy simulation of turbulent flow past a square cylinder confined in a channel },
 journal= {Computers \& Fluids},
 volume = {33},
 year   = 2004,
 pages  = {81--96}
 }
 @book{grinstein2007implicit,
  title={Implicit Large Eddy Simulation: Computing Turbulent Fluid Dynamics},
  author={Grinstein, F.F. and Margolin, L.G. and Rider, W.J.},
  year={2007},
  publisher={Cambridge University Press}
}
@article{pio2,
 author = {U. Piomelli and E. Balaras},
 title  = {Wall-layer models for large eddy simulations},
 journal= {Annu Rev. Fluid. Mech},
 volume = 34,
 year   = 2002,
 pages  = {349--374}
 }
 
 @article{pio3,
 author = {U Piomelli},
 title  = {High {R}eynolds number calculation using the dynamic subgrid-scale stress model},
 journal= {Phys. Fluids A},
 volume = 5,
 year   = 1993,
 pages  = {14--84}
 }
@article{temp2,
 author = {J. A. Templeton and G. Medic and G. Kalitzin},
 title  = {An eddy-viscosity based near-wall treatment for coarse grid large-eddy
simulation},
 journal= {Phys. Fluids},
 volume = 17,
 year   = 2005,
 pages  = {105101}
 }
@article{chap,
 author = {DR Chapman},
 title  = {Computational aerodynamics, development and outlook},
 journal= {AIAA J.},
 volume = 17,
 year   = 1979,
 pages  = {1293--313}
}
@techreport{jimtech,
 author = {J. S. Baggett and J. Jim\'{e}nez and A. G. Kravchenko },
 title  = {Resolution requirements in large-eddy simulations of shear flows},
 type   = {Annu. {Res. Briefs}},
 institution = { Centre for Turbulence Research, NASA Ames/Stanford Univ},
  year   = {1997},
 pages   = {51--65}
 }

@techreport{bag2,
 author = {J. S. Baggett},
 title  = {On the feasibility of merging
LES with RANS in the near-wall region of
attached turbulent flows},
 type   = {Annu. {Res. Briefs}},
 institution = { Centre for Turbulence Research, NASA Ames/Stanford Univ},
  year   = {1998},
 pages   = {267--77}
 } 
 
@techreport{lars,
 author = {J. Larsson and S. Kawai },
 title  = {Wall-modeling in large eddy simulation: length scales, grid resolution and accuracy},
 type   = {Annu. {Res. Briefs}},
 institution = { Centre for Turbulence Research, NASA Ames/Stanford Univ},
  year   = {2010},
 pages   = {39--46}
 }
 
 @techreport{bose,
 author = {S. T. Bose and P. Moin and D. You},
 title  = {Grid-independant large eddy simulation using explicit filtering},
 type   = {Annu. {Res. Briefs}},
 institution = { Centre for Turbulence Research, NASA Ames/Stanford Univ},
  year   = {2008},
 pages   = {173--187}
 }
@techreport{gull,
 author = {J. Gullbrand},
 title  = {Grid-independent large-eddy simulation in turbulent channel  flow 
 using three-dimensional explicit filtering},
 type   = {Annu. {Res. Briefs}},
 institution = { Centre for Turbulence Research, NASA Ames/Stanford Univ},
  year   = {2003},
 pages   = {331--342}
 }
@article{gull2,
 author  = {J. Gullbrand and F. K. Chow},
 title = {The effect of numerical errors and turbulence models in large-eddy simulations of channel flow with and without explicit filtering},
 journal= {J. Fluid. Mech},
 volume = 495,
 year   = 2003,
 pages  = {323--341}
 }

@article{boris,
 author  = {J. P. Boris and F. F. Goldstein and E. S. Oran and R. L. Kolbe},
 title = {New insights into large eddy simulation},
 journal= {Fluid Dynamics Research},
 volume = 10,
 year   = 1992,
 pages  = {199--228}
 }
@article{duchon,
 author  = {J. Duchon and R. Robert},
 title = {Inertial energy dissipation for weak solutions of incompressible {E}uler and {N}avier-{S}tokes equation},
 journal= {Nonlinearity},
 volume = 13,
 year   = 2000,
 pages  = {249--255}
 }
@article{tadmor,
 author  = {E. Tadmor},
 title = {Convergence of spectral methods for nonlinear conservation laws},
 journal= {SIAM J. Numer. Anal.},
 volume = 26,
 year   = 1989,
 pages  = {30--44}
 }
@article{leray,
 author  = {J. Leray},
 title = {Essai sur mouvement d\'{u}n fluide visqueux emplissant l\'{e}space},
 journal= {Acta Math.},
 volume = 63,
 year   = 1934,
 pages  = {193--248}
 }

@techreport{lund5,
 author = {T. Lund},
 title  = {On the use of discrete filters for large eddy simulations},
 type   = {Annu. {Res. Briefs}},
 institution = { Centre for Turbulence Research, NASA Ames/Stanford Univ},
  year   = {1997},
 pages   = {83--95}
 }

 @techreport{temp,
 author = {G. Medic and J. A. Templeton and G. Kalitzin},
 title  = {Wall modeling for {LES}: What turbulence information is retained},
 type   = {Conference on Turbulence and Interactions},
 institution = {},
 number = {TI2006},
  year   = {2006},
  note   = {{May} 29 - June 2, 2006, Porquerolles, France}
 }
 
@article{vass,
 author = {O. Vasilyev and T. Lund and P. Moin},
 title  = {A general class of commutative flters for {LES} in complex geometries},
 journal= {J. Comput. Phys.},
 volume = 146,
 year   = 1998,
 pages  = {82--104}
}

@article{temp3,
 author = {J. Templeton and M. Wang and P. Moin},
 title  = {An efficient wall model for large-eddy simulation based on optimal control
theory},
 journal= {Phys. Fluids},
 volume = 18,
 year   = 2006,
 pages  = {025101}
}

@article{grot,
 author = {G. Gr\"{o}tzbach},
 title  = {Direct numerical and large eddy simulations of turbulent channel flows},
 journal= {Encyclopedia of Fluid Mechanics,. ed NP Cheremisinoff},
 volume = {},
 year   = 1987,
 pages  = {1337--1391},
}

@Book{deville,
  author =   {M. O. Deville and P. F. Fischer and E. H. Mund},
  title =    {High-Order Methods for Incompressible Fluid Flow},
  publisher = {Cambridge University Press, Cambridge, UK},
  series = {},
  year =     {2002},
}

@article{Deans,
 author = {R. B. Dean},
 title  = {Reynolds number dependence of skin friction and other
bulk flow variables in two-dimensional rectangular duct flow},
 journal= {J. Fluids Eng.},
 volume = {100},
 year   = 1978,
 pages  = {215--223},
}

@MISC{spr,
author = {Michael A. Sprague},
title = {A comparison of {N}ek5000 and {O}pen{FOAM} for {DNS} of turbulent channel flow},
month = {December},
year = {2010},
note = {\url{http://www.mcs.anl.gov/\textasciitilde fischer/nek5000}}
}

@article{black,
 author = {H. M. Blackburn and S. Schmidt},
 title  = {Spectral element filtering techniques for Large Eddy
Simulation with dynamic estimation},
 journal= {J. Comput. Phys.},
 volume = 186,
 year   = 2003,
 pages  = {610--629}
}

@article{kav,
 author = {A. Kravchenko and P. Moin},
 title  = {On the effect of numerical errors in large eddy simulation},
 journal= {J. Comput. Phys.},
 volume = 131,
 year   = 1997,
 pages  = {310--322}
}

@InCollection{ander,
  author =   {R. D. Henderson},
  title =    {Adaptive spectral element methods for turbulence and transition, in: T.J. Barth, H. Deconinck (Eds.), },
  booktitle =    {High order Methods for Computational Physics},
  publisher = {Springer, Berlin},
  series = {},
  year =     {1999},
  pages =    {225--324},
}

@article{rog,
 author = {R. S. Rogallo and P. Moin},
 title  = {Numerical Simulation of Turbulent Flows},
 journal= {Annu Rev. Fluid. Mech},
 volume = 16,
 year   = 1984,
 pages  = {99--137}
 }

@article{lion,
 author = {J. L. Lions},
 title  = {Sur certaines \'{e}quations paraboliques non lin\'{e}aires},
 journal= {Bull. Soc. Math. France},
 volume = 93,
 year   = 1965,
 pages  = {155--175}
 }

@techreport{lion2,
 author = {J. L. Lions},
 title  = {Quelques m\'{e}thodes de r\'{e}solution des probl\'{e}mes aux limites non lin\'{e}aires},
 type = {Dunod Paris},
 volume = 1,
 year   = 1969,
 pages  = {}
 }

@article{lynch,
 author = {R. E. Lynch and J. R. Rice},
 title  = {Direct solution of partial difference equations by tensor product methods},
 journal= {Numer. Math.},
 volume = 6,
 year   = 1964,
 pages  = {185--199}
 }

@article{orz,
 author = {S. A. Orszag},
 title  = {Spectral methods for problems in complex geometry},
 journal= {J. Comput. Phys.},
 volume = 37,
 year   = 1980,
 pages  = {70--92}
 }
 
 @article{orz2,
 author = {S. A. Orszag},
 title  = {Transform method for calculations of vector coupled sums: {Application to the spectral form of vorticity equation}},
 journal= {J. Atmos. Sci.},
 volume = 27,
 year   = 1970,
 pages  = {890--895}
 }

@article{jimmoz,
 author = {J. Jim\'{e}nez and R. Moser},
 title  = { {LES}: where we are and what we can expect},
 journal= {AIAA J.},
 volume = 38,
 year   = 2000,
 pages  = {605--612}
 }

@article{prad,
 author = {Ludwig Prandtl},
 title  = { Bericht \"{u}ber Untersuchungen zur ausgebildeten Turbulenz},
 journal= {Ztschr. angew. Math. Mech. (ZAMM)},
 volume = 5,
 year   = 1925,
 pages  = {136--139}
 }
 
@article{bal,
 author = {E. Balaras and C. Benocci},
 title  = {Subgrid scale models in finite-difference simulations of complex wall bounded flows},
 journal= {AGARD CP, Neuilly-Sur-Seine, France},
 volume = 551,
 year   = 1994,
 pages  = {21--25}
 }
@article{bal2,
 author = {E. Balaras and C. Benocci and U. Piomelli},
 title  = {Two layer approximate boundary conditions for large eddy simulations},
 journal= {AIAA J.},
 volume = 34,
 year   = 1996,
 pages  = {1111--1119}
 }
 @article{guermond,
 author  = {Jean-Luc Guermond and Serge Prudhomme},
 title = {Mathematical analysis of a spectral hyperviscosity {LES} model for the simulation of turbulent flows},
 journal= {Math. Model. Numer. Anal.},
 volume = 37,
 year   = 2003,
 pages  = {893--908}
 }
@article{guerts,
 author  = {Bernard Guerts and A. K. Kuczaj and E. S. Titi},
 title = {Regularization modelling for large-eddy simulation of homogeneous isotropic decaying turbulence},
 journal= {J. Phys. A: Math. Theor.},
 volume = 41,
 year   = 2008,
 pages  = {344008}
 }

 @article{bal3,
 author  = {F. Sarghini and U. Piomelli and E. Balaras},
 title = {Scale-similar models of large eddy simulations},
 journal= {Phys. Fluids},
 volume = 11,
 year   = 1998,
 pages  = {1596--1607}
 }
 
@techreport{black2,
 author = {H. M. Blackburn},
 title  = {Channel flow {LES} with Spectral Elements},
 type   = {{13th Australian Fluid Mechanics Conference}},
 institution = {Monash University},
  year   = {1998},
 pages   = {989-992}
 }

@article{patera1,
 author = {K.Z. Korczak and A. T. Patera},
 title  = {An isoparametric spectral element method for solution of {N}avier-{S}tokes equations in complex geometry},
 journal= {J. Comput. Phys.},
 volume = 62,
 year   = 1986,
 pages  = {361--382}
 }
@InCollection{patera2,
 author = {Y. Maday and A. T. Patera},
 title  = {Spectral element methods for incompressible {N}avier-{Stokes} equations},
 booktitle = {State-of-the-Art Surveys on Computational Mechanics,},
 publisher = {ASME, New York},
 series = {A.K. Noor, J.T. Oden (Eds.)},
 year   = 1989,
 pages  = {71--143 (Chapter 3)}
 }
 
 @article{patera3,
 author = {A. T. Patera},
 title  = {A spectral element methods for fluid dynamics: laminar flow in a channel expansion},
 journal= {J. Comput. Phys.},
 volume = 54,
 year   = 1984,
 pages  = {468--488}
 }
 
 @article{boyd3,
 author = {J. P. Boyd},
 title  = {Two comments on filtering (artificial viscosity) for {C}hebyshev and {L}egendre spectral and spectral element methods: {P}reserving boundary conditions and interpretation of the filter as diffusion},
 journal= {J. Comput. Phys.},
 volume = 143,
 year   = 1998,
 pages  = {283--288}
 }
 
  @article{levin,
 author = {J. G. Levin and M. Iskandarani and D. B. Haidvogel},
 title  = {A spectral filtering procedure for eddy-resolving simulations with spectral element ocean model},
 journal= {J. Comput. Phys.},
 volume = 137,
 year   = 1997,
 pages  = {130--154}
 }
 
 @article{katz,
 author = {C. Meneaveau and J. Katz},
 title  = {Scale-invariance and turbulence models for large eddy simulation of boundary layers},
 journal= {Ann. Rev. Fluid. Mech.},
 volume = 32,
 year   = 2000,
 pages  = {1--32}
}

 @article{wasberg,
 author = {C. E. Wasberg and Thor Gjesdal and B. A. Petterson Reif and O. Andreassen},
 title  = {Variational multiscale turbulence modelling in a high order spectral element method},
 journal= {J. Comput. Phys.},
 volume = 228,
 year   = 2009,
 pages  = {7333--7356}
 }
 @article{lund6,
 author = {T. S. Lund},
 title  = {The use of explicit filters in large eddy simulation},
 journal= {Comp. \& Math.},
 volume = 46,
 year   = 2003,
 pages  = {603-616}
 }
 
 @PhdThesis{schlatter,
  author =   {P. C. Schlatter},
  title =    {Large eddy simulation of transition and turbulence in wall-bounded shear flow},
  school =   {ETH Z\"{u}rich},
  year =     2005,
}

@article{kar,
 author = {G. E. Karniadakis},
 title  = {Spectral element-{F}ourier methods for incompressible turbulent flows},
 journal= {Comput. Methods Appl. Mech. Engng.},
 volume = 80,
 year   = 1991,
 pages  = {414-443},
 }
 
 @article{kar2,
 author = {G. E. Karniadakis and M. Israeli and S. Orszag},
 title  = {High-order splitting methods for
the incompressible Navier-Stokes equations},
 journal= {J. Comput. Phys.},
 volume = 97,
 year   = 1991,
 pages  = {414-443},
 }

 
@techreport{bardina,
 author  = {J. Bardina and J. Ferziger and W. Reynolds},
 title = {Improved turbulence models based on large-eddy simulation of homogeneous incompressible turbulent flows},
 type = {Tech. {Report TF-19, Department of Mechanical Engineering}},
 institution = {Stanford University, Stanford, California},
 year   = 1983,
 }
 
 @article{bardina2,
 author  = {J. Bardina and J. Ferziger and W. Reynolds},
 title = {Improved subgrid scale models for large
eddy simulation},
 journal = {AIAA Paper},
 volume = {80},
 pages   = 1357
 }
  @article{katz2,
 author  = {},
 title = {On the properties of similarity subgrid-scale models as
deduced from measurements in a turbulent jet},
 journal = {J. Fluid. Mech},
 volume = 275,
 year = 1994,
 pages   = {83--119}
 }

 @article{karmanos,
 author  = {G. S. Karamanos and G. E. Karniadakis},
 title = {A spectral vanishing viscosity method for large eddy simulations},
 journal= {J. Comput. Phys.},
 volume = 163,
 year   = 2000,
 pages  = {22--50},
 }

@article{deardoff,
 author  = {J. W. Deardorff},
 title = {A numerical study of three-dimensional turbulent channel flow at large {R}eynolds number},
 journal= {J. Fluid. Mech.},
 volume = 41,
 year   = 1970,
 pages  = {453--480},
 }

@article{frid,
 author  = { Rainer Friedrich and Friedemann Unger},
 title = {{L}arge eddy simulation of boundary layers with a step change in pressure gradient},
 journal= {J. Fluid. Mech.},
 volume = 41,
 year   = 1970,
 pages  = {453--480},
 }

@article{zang,
 author  = {Y. Zang and R. L. Street and J. R. Koseff},
 title = {A dynamic mixed subgrid-scale model and its application in turbulent recirculating flows},
 journal= {Phys. Fluids A},
 volume = 5,
 year   = 1993,
 pages  = {}
 }
 @article{stolz,
 author  = {S. Stolz and N. A. Adams},
 title = {An approximate deconvolution procedure for large-eddy simulations},
 journal= {Phys. Fluids},
 volume = 11,
 year   = 1999,
 pages  = {1699--1701}
 }

@techreport{sengupta,
 author = {K. Sengupta and F. Mashayek and G. B. Jacobs},
 title  = {{D}irect {N}umerical {S}imulation of {T}urbulent {F}lows {U}sing
          {S}pectral {M}ethods},
 type   = {AIAA Paper},
 number = {2008--1450},
 year   = 2008,
 note   = {7 -- 10 January 2008, 46th AIAA Fluid Dynamics Conference and Exhibit,  Reno, Nevada}
}
@techreport{schmidt2,
 author = {S. Schmidt and D. M. Mclver and H. M. Blackburn and M. Rudman and G.J. Nathan},
 title  = {Spectral element based simulation of turbulent pipe flow},
 type   = {14th Australian Fluid Mechanics Conference},
 number = {},
 year   = 2001,
 note   = {10 -- 14 December 2001, Adelide University, Adelide, Australia}
}

@article{hamman,
 author = {C. W. Hamman and R. M. Kirby and M. Berzins},
 title  = {Parallelization and scalability
of a spectral element channel
flow solver for incompressible
{N}avier-{S}tokes equations
},
 journal   = {Concurrency and Computat.: Pract. Exper.},
 volume = {00},
 year   = 2006,
 pages = {01--07}
 
}

@article{bouf,
 author = {R. Bouffanais and M. O. Deville and E. Leriche},
 title  = {{L}arge-eddy simulation of the flow in a lid-driven cubical cavity},
 journal   = {Phys. Fluids.},
 volume = {19},
 year   = 2007,
 pages = {01--20}
 
}


@InCollection{karamanos,
 author = {G. S. Karamanos and S. J. Sherwin and J. F. Morrison},
 title={Large Eddy Simulation using unstructured spectral/hp elements},
 booktitle  = {Recent advances in {DNS} and {LES}},
 publisher = {D. Knight and L. Sakell, Eds., Kluwer},
 year   = 1999}

}

@InCollection{obabko,
 author = {A. V. Obabko and P. F. Fischer and T. J. Tautges and V. M. Goloviznin and M. A. Zaytsev and V. V. Chudanov and V. A. Pervichkno and A. E.  Aksenova and S. Karabasov},
 title={Large Eddy Simulation of Thermo-Hydraulic Mixing in a {T}-Junction},
 booktitle  = {Nuclear Reactor Thermal Hydraulics and Other Applications},
 publisher = {Donna Post Guillen, Ed., ISBN 978-953-51-0987-7},
 year   = 2013}

}

@InCollection{rey,
 author = {W. C. Reynolds},
 title  = {The potential and limitations of direct and large eddy simulations},
 booktitle = {Lecture Notes in Physics},
 publisher = {J. L. Lumlery, Ed., Springer-Verlag, Berlin},
 volume = {357},
 year   = 1990,
 pages = {313-343}
 
}

@InCollection{squires,
 author = {K. D. Squires},
 title  = {Detached-Eddy Simulation: {C}urrent Status and Perspectives},
 booktitle = {Direct and Large-Eddy Simulation {V}},
 publisher = {ERCOFTAC Series},
 volume = {9},
 year   = 2004,
 pages = {465-480}
 
}

@techreport{lad,
 author = {O. A. Lady\v{z}enskaja},
 title  = {{M}odification of {N}avier-{S}tokes for large velocity gradients},
 type   = {{S}eminars in {M}athematics, {V}.{A}.},
 institution = {Steklov Mathematical Institute},
 volume = {7},
 year   = 1970,
 pages = {}
 
}
@techreport{lad2,
 author = {O. A. Lady\v{z}enskaja},
 title  = {{N}ew equations for the description of motion of viscous incompressible fluids and solvability in the large of boundary value problems for them},
 type   = {Proc. {S}teklov {I}nst. {M}ath},
 institution = {Steklov Mathematical Institute},
 volume = {102},
 year   = 1967,
 pages = {95-118}
 
}
@article{holm,
 author = {C. Foias and D. Holm and E. Titi},
 title  = {{T}he {N}avier-{S}tokes-alpha model of fluid turbulence},
 journal   = {Physica D},
 volume = {152-153},
 year   = 2001,
 pages = {505-519}
 
}

@article{hor,
 author = {K. Horiuti},
 title  = {A proper velocity scale for modelling subgrid-scale eddy viscosities in large-eddy
  simulation},
 journal   = {Phys. Fluid A},
 volume = {5},
 year   = 1993,
 pages = {146--157}
 
}

@article{il1,
 author = {T. Iliescu and P. Fischer},
 title  = {Large eddy simulation of turbulent channel flows by rational large eddy simulation model},
 journal   = {Phys. Fluids},
 volume = {15},
 year   = 2003,
 pages = {3036-3047}
 
}

@article{il2,
 author = {T. Iliescu and P. Fischer},
 title  = {Backscatter in rational LES model},
 journal   = {Computers and Fluids},
 volume = {33},
 year   = 2004,
 pages = {783-790}
 
}




@Book{bers,
  author =   {L. C. Berselli and T. Iliescu and W. J. Layton},
  title =    {{M}athematics of {L}arge {E}ddy 
  {S}imulation of {T}urbulent {F}lows},
  publisher =    {Springer {V}erlag, Berlin},
  year =     {2006}
}

@Book{sag,
  author =   {Pierre Sagaut},
  title =    {{L}arge {E}ddy {S}imulations for {I}ncompressible flows},
  publisher =    {Springer {V}erlag, Berlin},
  year =     {2006}
}

@InCollection{bagwell2,
 author = {T. G. Bagwell and R. J. Adrian and R. D. Moser and J. Kim},
 title  = {Improved approximation of wall shear stress boundary conditions for large eddy simulations},
 booktitle = {In R. M. C. So, C. G. Speziale, and B. E. Launder,editors, Near-Wall Turbulent flows},
 publisher = {Elsevier Science, New York},
 volume = {},
 year   = 1993,
 pages = {}
 
}

@article{borg,
 author = {J. T. Borggaard and T. Iliescu},
 title  = {Approximate deconvolution boundary conditions for large eddy simulation},
 journal   = {App. Math. Lett.},
 volume = {5},
 year   = 2005,
 pages = {}
 
}

@InCollection{das2,
 author = {A. Das and R. D. Moser},
 title  = {Filtering boundary conditions for LES and embedded boundary simulations},
 booktitle   = {In C. Liu, L. Sakell and T. Beutner, editors, DNS/LES progress and challenges},
 publisher  = {Greyden Press, Columbus, 2001},
 volume = {},
 year   = 2001,
 pages = {389--396}
 
}

@article{maxwell,
 author = {J. C. Maxwell},
 title  = {On stresses in rarefied gases arising from inequalities in temperature},
 journal   = {App. Math. Lett.},
 volume = {5},
 year   = 2005,
 pages = {}
 
}


@InCollection{glauert,
  author =   {H. Glauert},
  title =    {Airplane Propellers},
  booktitle =    {Aerodynamic Theory},
  publisher =  {New York 4, Div. L},
  series = {ed. W. F. Durand},
  year =     {1963},
  pages =    {128--143}
  }
@article{jimenez,
 author = {A. Jimenez and A. Crespo and F. Migoya and J. Garcia},
 title  = {Large-eddy simulation of spectral coherence
in a wind turbine wake},
 journal= {Env. Research Letters},
 volume = 3,
 year   = 2008,
}

@article{dunca,
 author = {A. Dunca and E. Epshteyn},
 title  = {On the Stolz-Adams deconvolution models for LES},
 journal= {SIAM J. Math. Anal.},
 volume = 37,
 year   = {2005},
 pages = {1890--1902}
}

@article{lay2,
 author = {W. J. Layton and R. Lewandowski},
 title  = {A simple and stable scale-similarity model for large eddy simulation: energy balance and existence of weak solutions},
 journal= {Appl. Math. Lett.},
 volume = 16,
 year   = {2003},
 pages = {1205--1209}
}


@PhdThesis{ivanell,
  author =   {S. S. A. Ivanell},
  title =    {Numerical Computations of Wind Turbine Wakes},
  school =   {Dept. of Mechanics, Gotland Univ., Stockholm, Sweden},
  year =     2010,
}


@PhdThesis{rethore,
  author =   {P. E. R\'{e}thor\'{e}},
  title =    {Wind turbine wake in atmospheric turbulence.},
  school =   {Aalborg University},
  year =     2009,
}



@PhdThesis{mikkelsen,
author =   {R. Mikkelsen},
title =    {Actuator Disc Methods Applied to Wind Turbines},
school =   {Technical University of Denmark},
year =     2003,
}

@PhdThesis{troldborg,
author =   {N. Troldborg},
title =    {Actuator Line Modeling of Wind Turbine Wakes},
school =   {Technical University of Denmark},
year =     2008,
}


@article{sorensen,
 author = {J. N. S{\o}rensen and A. Myken},
 title  = {Unsteady actuator disc model for horizontal axis wind turbines},
 journal= {J. of Wind Eng. and Ind. Aerodynamics},
 volume = 39,
 year   = 1992,
 pages  = {139--149}
}
@article{churchfield_2,
 author = {M. J. Churchfield and J. Michalakes and P. J. Moriarty},
 title  = {A Numerical Study of the Effects of Atmospheric and Wake Turbulence on Wind Turbine Dynamics,Ã“},
 journal= {J. Turb.},
 volume = 13,
 number = 14,
 year   = 2012,
 pages  = {1--32}
}
@article{sorensen:02,
 author = {J. N. Sorensen and W. Z. Shen},
 title  = {Numerical modelling of Wind Turbine Wakes},
 journal= {J. Fluids Eng.},
 volume = 124,
 issue = 2,
 year   = 2002,
 pages  = {393--399}
}
@article{sanderse,
 author = {B. Sanderse and S. P. van der Pijl and B. Koren},
 title  = {Review of computational fluid dynamics for wind turbine wake aerodynamics},
 journal= {Wind Energy},
 volume = 14, year   = 2011,
 pages  = {799--819}
}
@techreport{churchfield,
 author = {M. J. Churchfield and S. Lee and P. J. Moriarty and L. A. Martinez and S. Leonardi and G. Vijayakumar and J. G. Brasseur},
 title  = {A Large-Eddy Simulation of Wind-Plant Aerodynamics},
 type   = {AIAA Paper},
 number = {2012-0537},
 year   = 2012,
 note   = {}
 }



@InCollection{tay,
  author =   {Taylor Valentine},
  title =    {Aerodynamic Effects and Load Fluctuation of Yawed Wind Turbines},
  booktitle =    {Master's Thesis},
  publisher =  {Rensselaer Polytechnic Institute},
  series = {},
  year =     {2010},
  pages =    {}
}

@techreport{churchfield_3,
 author = {M. J. Churchfield and and P. J. Moriarty and Y. Hao and M. Lackner and R. Berthelmie and J. K. Lundquist and G. S. Oxley},
 title  = {A Comparison of Dynamic Wake Meandering Model, Large Eddy Simulation and Field Data at the Egmond aan Zee Offshore Wind Plant},
 type   = {AIAA Paper},
 number = {2015-0724},
 year   = 2012,
 note   = {}
}

@article{kus,
 author = {Andrew Kusiak and Zhe Song},
 title  = {Design of wind farm layout for maximum wind energy capture.},
 journal= {Renewable Energy},
 volume = 35,
 year   = {2010},
 pages = {685-694}
}
@article{cris,
 author = {Cristina L. Archer1 and 
    Sina Mirzaeisefat1 and
    Sang Lee2},
 title  = {Quantifying the sensitivity of wind farm performance to array layout options using large-eddy simulation},
 journal= {Geophysical Research Letter},
 volume = 40,
 year   = {2013},
 pages = {4963-4970}
}
@misc{men2,
  author = {Charles Meneveau},
  title = {Wind turbine array fluid dynamics: measurement and modelling
},
  year = {2009},
  note = {http://cfd.mae.cornell.edu/ caughey/}
}

@article{zhang,
 author = {Y. Zhang and R. L. Street and J.R. Koseff},
 title  = {A dynamic mixed subgrid-scale
model and its application to turbulent recirulating flows},
 journal= {Phys. Fluids A},
 volume = 5,
 year   = 1993,
 pages  = {3186--3196}
}

@article{dong,
 author = {S. Dong. and G. Karniadakis and C. Chryssostomidis},
 title  = {A robust and accurate outflow boundary condition for incom-
pressible flow simulations on severely- truncated unbounded domains},
 journal= {J. Comput. Phys.},
 volume = 261,
 year   = 2014,
 pages  = {83--105}
}
@article{hoyas,
 author = {S. Hoyas and J. Jim\'{e}nez},
 title  = {Scaling of velocity fluctuations in turbulent channels up to $Re_{\tau} = 2003$},
 journal= {Phys. Fluids},
 volume = 18,
 year   = 2006,
 pages  = {011702}
}
@article{perry,
 author = {A. E. Perry and S. Henbest and M. S. Chong},
 title  = {Theoretical and Experimental studies of wall turbulence},
 journal   = {J. Fluid. Mech.},
 volume = {165},
 year   = 1986,
 pages = {163-199}
 
}

@article{kim1,
 author = {J. Kim and T. R. Bewly},
 title  = {A Linear Systems Approach to Flow Control},
 journal   = {Annu. Rev. Fluid. Mech.},
 volume = {39},
 year   = 2007,
 pages = {383-417}
 
}
@article{ghoshal,
 author = {S. Ghoshal and P. Moin},
 title  = {The basic equations of large-eddy simulation of turbulent flows in complex geometry},
 journal= {J. Comput. Phys.},
 volume = 118,
 year   = 1995,
 pages  = {24--37}
}

@article{lee2,
 author = {M. Lee and R. D. Moser},
 title  = {Direct numerical simulation of turbulent channel flow up to $Re_{\tau} = 5200$},
 journal= {J. Fluid. Mech.},
 volume = 774,
 year   = 2014,
 pages  = {395--414}
}
@article{hutch,
 author = {N. Hutchins and T. B. Nickels and I. Marusic and M. Chong},
 title  = {Hot-wire spatial resolution
issues in wall-bounded turbulence},
 journal= {J. Fluid. Mech.},
 volume = 635,
 year   = 2009,
 pages  = {103--136}
}
@article{balad,
 author = {B. J. Balakumar and R. J. Adrian},
 title  = {Large and very-large-scale motions in channel and boundary-layer flows},
 journal= {Phil. Trans. R. Soc.},
 volume =365,
 year   = 2007,
 pages  = {665--681}
}

@article{town1,
 author = {A. A. Townsend},
 title  = {Equilibrium layers and wall turbulence},
 journal= {J. Fluid. Mech.},
 volume =11,
 year   = 1961,
 pages  = {97--120}
}

@InCollection{town2,
  author =   {A. A. Townsend},
  title =    {The Structure of Turbulent Shear Flow},
  booktitle =    {Cambridge, U.K.},
  publisher =  {Cambridge Univ. Press},
  series = {2nd ed.},
  year =     {1976},
  pages =    {}
  }

@article{jimrev,
 author = {Javier Jim\'{e}nez},
 title  = {Cascades in wall-bounded turbulence},
 journal= {Annu. Rev. Fluid. Mech.},
 volume =44,
 year   = 2012,
 pages  = {27--45}
}


